@online{ghc,
  author = {The Glasgow Haskell Team},
  title = {The Glasgow Haskell Compiler 7.10.1},
  date = {2015-03-27},
  url = {https://www.haskell.org/ghc/download_ghc_7_10_1},
  urldate = {2015-06-06},
}

@online{cabal,
  author = {Lemmih и др.},
  title = {The cabal-install package 1.22.4.0},
  date = {2015-05-05},
  url = {http://hackage.haskell.org/package/cabal-install},
  urldate = {2015-06-06},
}

@online{parsec,
  author = {Daan Leijen и др.},
  title = {The parsec package 3.1.9},
  date = {2015-03-22},
  url = {http://hackage.haskell.org/package/parsec},
  urldate = {2015-06-06},
}

@online{aeson,
  author = {Bryan O'Sullivan},
  title = {The aeson package 0.9.0.1},
  date = {2015-05-25},
  url = {http://hackage.haskell.org/package/aeson},
  urldate = {2015-06-06},
}

@online{llvm,
  author = {Chris Lattner},
  title = {Low Level Virtual Machine 3.4.2},
  date = {2014-06-15},
  url = {http://llvm.org},
  urldate = {2015-06-06},
}

@online{llvm-general,
  author = {Benjamin S. Scarlet},
  title = {The llvm-general-pure package 3.4.5},
  date = {2015-08-04},
  url = {https://github.com/bscarlet/llvm-general},
  urldate = {2015-06-06},
}

@online{graphviz,
  author = {AT\&T},
  title = {Graph Visualization Software},
  date = {2014-04-13},
  url = {http://www.graphviz.org/},
  urldate = {2015-06-06},
}
